@article{Shimer2005,
Author = {Shimer, Robert},
Title = {The Cyclical Behavior of Equilibrium Unemployment and Vacancies},
Journal = {American Economic Review},
Volume = {95},
Number = {1},
Year = {2005},
Month = {March},
Pages = {25-49},
DOI = {10.1257/0002828053828572},
URL = {https://www.aeaweb.org/articles?id=10.1257/0002828053828572}}